@article{nunamaker1990systems,
  title={Systems development in information systems research},
  author={Nunamaker Jr, Jay F and Chen, Minder and Purdin, Titus DM},
  journal={Journal of management information systems},
  volume={7},
  number={3},
  pages={89--106},
  year={1990},
  publisher={Taylor \& Francis}
}

@article{dataset,
  title={Chicago crimes 2001-2018 (November)},
  author={Spiros Politis (2018)},
  year={2001-2018},
  publisher={https://www.kaggle.com/spirospolitis/chicago-crimes-20012018-november}
}

@book{friedman2017crime,
  title={Crime Trends, 1990-2016},
  author={Friedman, Matthew and Grawert, Ames C and Cullen, James},
  year={2017},
  publisher={Brennan Center for Justice at New York University School of Law New York, NY}
}